%
%  An example of a bibliographical database for bibTeX
%
%  Recommended software for maintenance of *.bib files:
%    JabRef, http://jabref.sourceforge.net/
%
%  BEWARE:
%
%    *  If a name contains a capital letter, which must be kept such,
%       use curly brackets ({T}hailand, {HIV}).
%
%  ===========================================================================

@phdthesis{Chaslot10,
  author = {Chaslot, G.},
  title  = {Monte-Carlo Tree Search},
  school = {Maastricht University},
  year   = {2010}
}

@article{Cowling12,
  author  = {Cowling, P. I. and Powley, E. J. and Whitehouse, D.},
  title   = {Information Set Monte Carlo Tree Search},
  journal = {IEEE TRANSACTIONS ON COMPUTATIONAL INTELLIGENCE AND AI IN GAMES},
  volume  = {4},
  number  = {2},
  year    = {2012}
}

@article{Silver16,
author = {Silver, David and Huang, Aja and Maddison, Christopher and Guez, Arthur and Sifre, Laurent and Driessche, George and Schrittwieser, Julian and Antonoglou, Ioannis and Panneershelvam, Veda and Lanctot, Marc and Dieleman, Sander and Grewe, Dominik and Nham, John and Kalchbrenner, Nal and Sutskever, Ilya and Lillicrap, Timothy and Leach, Madeleine and Kavukcuoglu, Koray and Graepel, Thore and Hassabis, Demis},
year = {2016},
month = {01},
pages = {484-489},
title = {Mastering the game of Go with deep neural networks and tree search},
volume = {529},
journal = {Nature},
doi = {10.1038/nature16961}
}

@misc{Boardgameio,
  title        = {boardgame.io},
  howpublished = {\url{https://boardgame.io}},
  note         = {Accessed: 2020-05-31}
}

@misc{Openaigym,
  title        = {OpenAI Gym},
  howpublished = {\url{https://gym.openai.com}},
  note         = {Accessed: 2020-05-31}
}

% EXAMPLES BELOW
@BOOK{Andel07,
  title = {Základy matematické statistiky},
  publisher = {Matfyzpress},
  year = {2007},
  author = {Anděl, J.},
  address = {Praha},
  series = {Druhé opravené vydání},
  isbn = {80-7378-001-1}
}

@BOOK{Andel98,
  title = {Statistické metody},
  publisher = {Matfyzpress},
  year = {1998},
  author = {Anděl, J.},
  address = {Praha},
  series = {Druhé přepracované vydání},
  isbn = {80-85863-27-8}
}

@ARTICLE{Cox72,
  author = {Cox, D. R.},
  title = {Regression models and life-tables (with {D}iscussion)},
  journal = {Journal of the Royal Statistical Society, Series B},
  year = {1972},
  volume = {34},
  pages = {187--220},
  number = {2}
}

@ARTICLE{DempsterLairdRubin77,
  author = {Dempster, A. P. and Laird, N. M. and Rubin, D. B.},
  title = {Maximum likelihood from incomplete data via the {EM} algorithm},
  journal = {Journal of the Royal Statistical Society, Series B},
  year = {1977},
  volume = {39},
  pages = {1--38},
  number = {1}
}

@ARTICLE{Genberget08,
  author = {Genberg, B. L. and Kulich, M. and Kawichai, S. and Modiba, P. and
	Chingono, A. and Kilonzo, G. P. and Richter, L. and Pettifor, A.
	and Sweat, M. and Celentano, D. D.},
  title = {{HIV} risk behaviors in Sub-{S}aharan {A}frica and {N}orthern {T}hailand:
	{B}aseline behavioral data from project {A}ccept},
  journal = {Journal of Acquired Immune Deficiency Syndrome},
  year = {2008},
  volume = {49},
  pages = {309--319}
}

@ARTICLE{KaplanMeier58,
  author = {Kaplan, E. L. and Meier, P.},
  title = {Nonparametric estimation from incomplete observations},
  journal = {Journal of the American Statistical Association},
  year = {1958},
  volume = {53},
  pages = {457--481},
  number = {282}
}

@BOOK{LehmannCasella98,
  title = {Theory of Point Estimation},
  publisher = {Springer-Verlag},
  year = {1998},
  author = {Lehmann, E. L. and Casella, G.},
  address = {New York},
  series = {{S}econd {E}dition},
  isbn = {0-387-98502-6}
}

@ARTICLE{Student08,
  author = {Student},
  title = {On the probable error of the mean},
  journal = {Biometrika},
  year = {1908},
  volume = {6},
  pages = {1-25}
}
